@string{AIHP 	= {Ann. Inst. Henri Poincar\'{e}}  }
@string{AP 	= {Ann. Probab.} }
@string{CMP 	= {Commun. Math. Phys.} }
@string{JCP 	= {Journal of Chemical Physics} }
@string{JETP    = {Journal of Experimental and Theoretical Physics} }
@string{JFA     = {J. Funct. Anal.} }

@string{J.Phys  = {J. Phys.} }
@string{JMP 	= {J. Math. Phys.} }
@string{JSP 	= {J. Statist. Phys.} }
@string{NP 	= {Nucl. Phys.} }
@string{PL 	= {Phys. Lett.} }
@string{PR 	= {Phys. Rev.} }
@string{PRL 	= {Phys. Rev. Lett.} }
@string{RMP 	= {Rev. Mod. Phys.} }
@string{ZW 	= {Z. Wahrsch. verw. Gebiete} }

@preamble{
   "\def\cprime{$'$} "
}


@book{GJ87,
  author =	 {Glimm, J. and Jaffe, A.},
  title =	 {Quantum Physics, A Functional Integral Point of
                  View},
  publisher =	 {Springer},
  year =	 1987,
  address =	 {Berlin},
  edition =	 {2nd}
}

@article {OsterwalderSchrader73,
  AUTHOR =	 {Osterwalder, Konrad and Schrader, Robert},
  TITLE =	 {Axioms for {E}uclidean {G}reen's functions},
  JOURNAL =	 CMP,
  VOLUME =	 31,
  YEAR =	 1973,
  PAGES =	 {83--112},
  MRCLASS =	 {81.46},
  MRNUMBER =	 {48 \#7834},
  MRREVIEWER =	 {W. Guttinger},
}

@article {OsterwalderSchrader75,
  AUTHOR =	 {Osterwalder, Konrad and Schrader, Robert},
  TITLE =	 {Axioms for {E}uclidean {G}reen's functions. {II}},
  NOTE =	 {With an appendix by Stephen Summers},
  JOURNAL =	 CMP,
  VOLUME =	 42,
  YEAR =	 1975,
  PAGES =	 {281--305},
  MRCLASS =	 {81.46},
  MRNUMBER =	 {51 \#12189},
  MRREVIEWER =	 {W. Guttinger},
}

@article{FILS78,
  author =	 {Fr\"{o}hlich, J. and Israel, R. and Lieb, E.H. and
                  Simon, B.},
  title =	 {Phase transitions and reflection positivity. {I.}
                  {General} theory and long range lattice models},
  journal =	 CMP,
  volume =	 {{\bf 62}},
  year =	 1978,
  pages =	 {1--34}
}


@article{FSS76,
  author =	 {Fr\"{o}hlich, J. and Simon, B. and Spencer, T.},
  title =	 {Infrared bounds, phase transitions, and continuous
                  symmetry breaking},
  journal =	 CMP,
  volume =	 {{\bf 50}},
  year =	 1976,
  pages =	 {79--95}
}

@book{GJ87,
  author =	 {Glimm, J. and Jaffe, A.},
  title =	 {Quantum Physics, A Functional Integral Point of
                  View},
  publisher =	 {Springer},
  year =	 1987,
  address =	 {Berlin},
  edition =	 {2nd}
}

@article {OsterwalderSchrader73,
  AUTHOR =	 {Osterwalder, Konrad and Schrader, Robert},
  TITLE =	 {Axioms for {E}uclidean {G}reen's functions},
  JOURNAL =	 CMP,
  VOLUME =	 31,
  YEAR =	 1973,
  PAGES =	 {83--112},
  MRCLASS =	 {81.46},
  MRNUMBER =	 {48 \#7834},
  MRREVIEWER =	 {W. Guttinger},
}

@article {OsterwalderSchrader75,
  AUTHOR =	 {Osterwalder, Konrad and Schrader, Robert},
  TITLE =	 {Axioms for {E}uclidean {G}reen's functions. {II}},
  NOTE =	 {With an appendix by Stephen Summers},
  JOURNAL =	 CMP,
  VOLUME =	 42,
  YEAR =	 1975,
  PAGES =	 {281--305},
  MRCLASS =	 {81.46},
  MRNUMBER =	 {51 \#12189},
  MRREVIEWER =	 {W. Guttinger},
}

@article{FILS78,
  author =	 {Fr\"{o}hlich, J. and Israel, R. and Lieb, E.H. and
                  Simon, B.},
  title =	 {Phase transitions and reflection positivity. {I.}
                  {General} theory and long range lattice models},
  journal =	 CMP,
  volume =	 {{\bf 62}},
  year =	 1978,
  pages =	 {1--34}
}

@article {KK86,
    AUTHOR = {Kennedy, Tom and King, Chris},
     TITLE = {Spontaneous symmetry breakdown in the abelian {H}iggs model},
   JOURNAL = {Comm. Math. Phys.},
  FJOURNAL = {Communications in Mathematical Physics},
    VOLUME = {104},
      YEAR = {1986},
    NUMBER = {2},
     PAGES = {327--347},
      ISSN = {0010-3616},
   MRCLASS = {81E25 (81D20)},
  MRNUMBER = {836009},
MRREVIEWER = {Bergfinnur Durhuus},
       URL = {http://projecteuclid.org.ezproxy.library.ubc.ca/euclid.cmp/1104115008},
}

@article {Bal95,
  AUTHOR =	 {Ba{\l}aban, Tadeusz},
  TITLE =	 {A low temperature expansion for classical
                  ${N}$-vector models. {I}. {A} renormalization group
                  flow},
  JOURNAL =	 CMP,
  FJOURNAL =	 {Communications in Mathematical Physics},
  VOLUME =	 167,
  YEAR =	 1995,
  NUMBER =	 1,
  PAGES =	 {103--154},
  ISSN =	 {0010-3616},
  CODEN =	 {CMPHAY},
  MRCLASS =	 {81T25 (81T17 82B20 82B28)},
  MRNUMBER =	 {96a:81095},
  MRREVIEWER =	 {Christof K{\"u}lske},
}
