@inproceedings{extending_description_logic_ALC,
  author    = {Franz Baader and Andreas Ecke},
  title     = {Extending the Description Logic {ALC} with More Expressive Cardinality Constraints on Concepts},
  booktitle = {GCAI 2017. 3rd Global Conference on Artificial Intelligence},
  editor    = {Christoph Benzm\"{u}ller and Christine Lisetti and Martin Theobald},
  series    = {EPiC Series in Computing},
  volume    = {50},
  pages     = {6--19},
  year      = {2017},
  publisher = {EasyChair},
  bibsource = {EasyChair, https://easychair.org},
  issn      = {2398-7340},
  url       = {https://easychair.org/publications/paper/d9vL},
  doi       = {10.29007/f3hh}}
  
  
@book {KeenanFaltz,
    AUTHOR = {Keenan, Edward L. and Faltz, Leonard M.},
     TITLE = {Boolean Semantics for Natural Language},
    SERIES = {Synthese Language Library},
    VOLUME = {23},
 PUBLISHER = {D. Reidel Publishing Co., Dordrecht},
      YEAR = {1985},
     PAGES = {xii+387},
}
@incollection{vanBenthemHistory08,
    author = {Johan van Benthem},
    title = {A Brief History of Natural Logic},
    booktitle = {Logic, Navya-Nyaya and Applications, Homage to Bimal Krishna Matilal},
    editor =  {M. Chakraborty and B. L\"{o}we and M. Nath Mitra and S. Sarukkai}, 
    publisher = {College Publications},
    address  = {London},
    year = {2008}
} 

@ARTICLE{exploring_the_landscape,
       author = {{Kruckman}, Alex and {Moss}, Lawrence S.},
        title = {Exploring the Landscape of Relational Syllogistic Logics},
      journal = {arXiv e-prints},
     keywords = {Mathematics - Logic, Computer Science - Computation and Language, Computer Science - Logic in Computer Science, 03B20, 03B65},
         year = "2018",
        month = "Sep",
          eid = {arXiv:1809.00656},
        pages = {arXiv:1809.00656},
archivePrefix = {arXiv},
       eprint = {1809.00656},
 primaryClass = {math.LO},
       adsurl = {https://ui.adsabs.harvard.edu/abs/2018arXiv180900656K},
      adsnote = {Provided by the SAO/NASA Astrophysics Data System}
}

@unpublished{DHH,
author={Ding, Yifeng and {Harrison-Trainor}, Matthew and Holliday, Wesley},
title={The Logic of Comparative Cardinality},
year={2018},
note={Retrieved from https://escholarship.org/uc/item/2nn3c35x (accessed on June 12, 2019)},
publisher={U.C.~Berkeley}
}

@article{pratt_hartmann_2008, 
title={On the Computational Complexity of the Numerically Definite Syllogistic and Related Logics}, volume={14}, number={1}, journal={Bulletin of Symbolic Logic}, publisher={Cambridge University Press}, author={Pratt-Hartmann, Ian}, year={2008}, pages={1â€“28}}

@inproceedings{reasoning_about_sizes_of_sets,
  author    = {Lawrence S. Moss and
               Charlotte Raty},
  title     = {Reasoning About the Sizes of Sets: Progress, Problems, and Prospects},
  booktitle = {Proceedings of the fourth Workshop on Bridging the Gap between Human
               and Automated Reasoning},
  pages     = {33--39},
  year      = {2018},
  url       = {http://ceur-ws.org/Vol-2261/paper6.pdf},
  timestamp = {Tue, 28 May 2019 16:23:40 +0200},
  biburl    = {https://dblp.org/rec/bib/conf/ijcai/MossR18},
  bibsource = {dblp computer science bibliography, https://dblp.org}
}


@article{syllogistic_logic_most,
  author    = {J{\"{o}}rg Endrullis and
               Lawrence S. Moss},
  title     = {Syllogistic logic with ``Most"},
  journal   = {Mathematical Structures in Computer Science},
  volume    = {29},
  number    = {6},
  pages     = {763--782},
  year      = {2019},
  url       = {https://doi.org/10.1017/S0960129518000312},
  doi       = {10.1017/S0960129518000312},
  timestamp = {Wed, 29 May 2019 16:18:23 +0200},
  biburl    = {https://dblp.org/rec/bib/journals/mscs/EndrullisM19},
  bibsource = {dblp computer science bibliography, https://dblp.org}
}

@incollection{Moss2015,
	Author = {Lawrence S.~Moss},
	Booktitle = {Handbook of Contemporary Semantic Theory, Second Edition},
	Editors = {C. Fox and S.~Lappin},
	Pages = {646--681},
	Publisher = {Wiley-Blackwell},
	Title = {Natural logic},
	Year = {2015}}
	
@article {majority_digraphs,
    AUTHOR = {Lai, Tri and Endrullis, J\"{o}rg and Moss, Lawrence S.},
     TITLE = {Majority digraphs},
   JOURNAL = {Proc. Amer. Math. Soc.},
  FJOURNAL = {Proceedings of the American Mathematical Society},
    VOLUME = {144},
      YEAR = {2016},
    NUMBER = {9},
     PAGES = {3701--3715},
      ISSN = {0002-9939},
   MRCLASS = {05C62 (03B65)},
  MRNUMBER = {3513532},
MRREVIEWER = {Jos\'{e} Ram\'{o}n Portillo},
       DOI = {10.1090/proc/13038},
       URL = {https://doi.org/10.1090/proc/13038},
}


@incollection {syllogistic_cardinality_comparisons,
    AUTHOR = {Moss, Lawrence S.},
     TITLE = {Syllogistic logic with cardinality comparisons},
 BOOKTITLE = {J. {M}ichael {D}unn on information based logics},
    SERIES = {Outst. Contrib. Log.},
    VOLUME = {8},
     PAGES = {391--415},
 PUBLISHER = {Springer},
      YEAR = {2016},
   MRCLASS = {03B20 (03C80)},
  MRNUMBER = {3526513},
MRREVIEWER = {Andrew Aberdein},
       DOI = {10.1007/978-3-319-29300-4_18},
       URL = {https://doi.org/10.1007/978-3-319-29300-4_18},
}


@article {boolean_algebra_presburger_arithmetic,
    AUTHOR = {Kuncak, Viktor and Nguyen, Huu Hai and Rinard, Martin},
     TITLE = {Deciding {B}oolean algebra with {P}resburger arithmetic},
   JOURNAL = {J. Automat. Reason.},
  FJOURNAL = {Journal of Automated Reasoning},
    VOLUME = {36},
      YEAR = {2006},
    NUMBER = {3},
     PAGES = {213--239},
      ISSN = {0168-7433},
   MRCLASS = {03B35 (03B25 68Q60)},
  MRNUMBER = {2288801},
MRREVIEWER = {Arkadij D. Zakrevski\u{\i}},
       DOI = {10.1007/s10817-006-9042-1},
       URL = {https://doi.org/10.1007/s10817-006-9042-1},
}

@ARTICLE{recognition_of_tractability,
    author = {David A. McAllester},
    title = {Automatic Recognition of Tractability in Inference Relations},
    journal = {Journal of the ACM},
    year = {1993},
    volume = {40},
    pages = {284--303}
}

@INPROCEEDINGS{towards_efficient_bapa,
    author = {Viktor Kuncak and Martin Rinard},
    title = {Towards efficient satisfiability checking for boolean algebra with {P}resburger {A}rithmetic},
    booktitle = {CADE-21},
    year = {2007}
}

@InProceedings{cardinality_constraints_smt,
author="Suter, Philippe
and Steiger, Robin
and Kuncak, Viktor",
editor="Jhala, Ranjit
and Schmidt, David",
title="Sets with Cardinality Constraints in Satisfiability Modulo Theories",
booktitle="Verification, Model Checking, and Abstract Interpretation",
year="2011",
publisher="Springer Berlin Heidelberg",
address="Berlin, Heidelberg",
pages="403--418"
}

